<?xml version="1.0" encoding="UTF-8"?><record xmlns="http://www.loc.gov/MARC21/slim" xmlns:cinclude="http://apache.org/cocoon/include/1.0" xmlns:zs="http://www.loc.gov/zing/srw/">
  <leader>01019nz  a2200181n  4500</leader>
  <controlfield tag="001">n 2001128970</controlfield>
  <controlfield tag="003">DLC</controlfield>
  <controlfield tag="005">20010709040111.0</controlfield>
  <controlfield tag="008">010709n| acannaabn          |a ana      </controlfield>
  <datafield tag="010" ind1=" " ind2=" ">
    <subfield code="a">n 2001128970</subfield>
  </datafield>
  <datafield tag="035" ind1=" " ind2=" ">
    <subfield code="a">(DNLM)1143478</subfield>
  </datafield>
  <datafield tag="040" ind1=" " ind2=" ">
    <subfield code="a">DNLM</subfield>
    <subfield code="b">eng</subfield>
    <subfield code="c">DNLM</subfield>
  </datafield>
  <datafield tag="110" ind1="2" ind2=" ">
    <subfield code="a">Federation of Chinese American and Chinese Canadian Medical Societies</subfield>
  </datafield>
  <datafield tag="410" ind1="2" ind2=" ">
    <subfield code="a">Federation of Chinese American and Canadian Medical Societies</subfield>
  </datafield>
  <datafield tag="410" ind1="2" ind2=" ">
    <subfield code="a">Federation of Chinese American and Chinese Canadian Medical Society</subfield>
  </datafield>
  <datafield tag="410" ind1="2" ind2=" ">
    <subfield code="a">FCMS</subfield>
  </datafield>
  <datafield tag="670" ind1=" " ind2=" ">
    <subfield code="a">Tenth Conference on Health Problems Related to the Chinese in North America, 2000:</subfield>
    <subfield code="b">t.p. verso (Federation of Chinese American and Canadian Medical Societies) p. v (Federation of Chinese American and Chinese Canadian Medical Society, Federation of Chinese American and Chinese Canadian Medical Society)</subfield>
  </datafield>
  <datafield tag="670" ind1=" " ind2=" ">
    <subfield code="a">Federation of Chinese American and Chinese Canadian Medical Societies WWW homepage, July 2, 2001</subfield>
    <subfield code="b">(FCMS, incorporated in Calif., June 13, 1994, headquarters in San Francisco)</subfield>
  </datafield>
</record>